<record><leader>00000cas a22000007a 4500</leader><controlfield tag="001">33388296</controlfield><controlfield tag="008">951030d1857185umauwr ne      0    0eng d</controlfield><datafield ind1=" " ind2=" " tag="010"><subfield code="a">sn 95063168 </subfield></datafield><datafield ind1=" " ind2=" " tag="040"><subfield code="a">CNW</subfield><subfield code="b">eng</subfield><subfield code="c">CNW</subfield><subfield code="d">OCL</subfield><subfield code="d">OCLCQ</subfield><subfield code="d">OCLCF</subfield><subfield code="d">OCLCO</subfield></datafield><datafield ind1="1" ind2=" " tag="029"><subfield code="a">AU@</subfield><subfield code="b">000012081837</subfield></datafield><datafield ind1=" " ind2=" " tag="042"><subfield code="a">msc</subfield></datafield><datafield ind1=" " ind2=" " tag="043"><subfield code="a">n-us-ma</subfield></datafield><datafield ind1="0" ind2=" " tag="130"><subfield code="a">Holliston transcript (Holliston, Mass. : 1857)</subfield></datafield><datafield ind1="1" ind2="0" tag="245"><subfield code="a">Holliston transcript.</subfield></datafield><datafield ind1=" " ind2=" " tag="260"><subfield code="a">Holliston, Mass. :</subfield><subfield code="b">Geo. B. Clark</subfield></datafield><datafield ind1=" " ind2=" " tag="300"><subfield code="a">v.</subfield></datafield><datafield ind1=" " ind2=" " tag="310"><subfield code="a">Weekly</subfield></datafield><datafield ind1="0" ind2=" " tag="362"><subfield code="a">Vol. 1, no. 1 (Jan. 3, 1857)- = Whole no. 48-</subfield></datafield><datafield ind1=" " ind2=" " tag="500"><subfield code="a">"Devoted to literature, local and general intelligence, manufactures, advertising, &amp;c."</subfield></datafield><datafield ind1=" " ind2="0" tag="651"><subfield code="a">Holliston (Mass.)</subfield><subfield code="v">Newspapers.</subfield></datafield><datafield ind1=" " ind2="7" tag="655"><subfield code="a">Newspapers.</subfield><subfield code="2">fast</subfield><subfield code="0">(OCoLC)fst01423814</subfield></datafield><datafield ind1=" " ind2="7" tag="651"><subfield code="a">Massachusetts</subfield><subfield code="z">Holliston.</subfield><subfield code="2">fast</subfield><subfield code="0">(OCoLC)fst01228011</subfield></datafield><datafield ind1=" " ind2=" " tag="752"><subfield code="a">United States</subfield><subfield code="b">Massachusetts</subfield><subfield code="c">Middlesex</subfield><subfield code="d">Holliston.</subfield></datafield><datafield ind1="0" ind2="0" tag="780"><subfield code="t">Holliston advertiser</subfield><subfield code="w">(DLC)sn 83020539</subfield><subfield code="w">(OCoLC)9396505</subfield></datafield></record>